@incollection{stam2023stable,
  title={Stable fluids},
  author={Stam, Jos},
  booktitle={Seminal Graphics Papers: Pushing the Boundaries, Volume 2},
  pages={779--786},
  year={2023}
}

@article{monaghan1992smoothed,
  title={Smoothed particle hydrodynamics},
  author={Monaghan, Joe J},
  journal={In: Annual review of astronomy and astrophysics. Vol. 30 (A93-25826 09-90), p. 543-574.},
  volume={30},
  pages={543--574},
  year={1992}
}

@article{tskhakaya2007particle,
  title={The particle-in-cell method},
  author={Tskhakaya, David and Matyash, Konstantin and Schneider, Ralf and Taccogna, Francesco},
  journal={Contributions to Plasma Physics},
  volume={47},
  number={8-9},
  pages={563--594},
  year={2007},
  publisher={Wiley Online Library}
}

@article{brackbill1988flip,
  title={FLIP: a low-dissipation, particle-in-cell method for fluid flow},
  author={Brackbill, Jeremiah U and Kothe, Douglas B and Ruppel, Hans M},
  journal={Computer Physics Communications},
  volume={48},
  number={1},
  pages={25--38},
  year={1988},
  publisher={Elsevier}
}

@article{jiang2015affine,
  title={The affine particle-in-cell method},
  author={Jiang, Chenfanfu and Schroeder, Craig and Selle, Andrew and Teran, Joseph and Stomakhin, Alexey},
  journal={ACM Transactions on Graphics (TOG)},
  volume={34},
  number={4},
  pages={1--10},
  year={2015},
  publisher={ACM New York, NY, USA}
}

@article{bardenhagen2000material,
  title={The material-point method for granular materials},
  author={Bardenhagen, SG and Brackbill, JU and Sulsky, Deborah},
  journal={Computer methods in applied mechanics and engineering},
  volume={187},
  number={3-4},
  pages={529--541},
  year={2000},
  publisher={Elsevier}
}

@article{fu2017polynomial,
  title={A polynomial particle-in-cell method},
  author={Fu, Chuyuan and Guo, Qi and Gast, Theodore and Jiang, Chenfanfu and Teran, Joseph},
  journal={ACM Transactions on Graphics (TOG)},
  volume={36},
  number={6},
  pages={1--12},
  year={2017},
  publisher={ACM New York, NY, USA}
}

@article{hu2018moving,
  title={A moving least squares material point method with displacement discontinuity and two-way rigid body coupling},
  author={Hu, Yuanming and Fang, Yu and Ge, Ziheng and Qu, Ziyin and Zhu, Yixin and Pradhana, Andre and Jiang, Chenfanfu},
  journal={ACM Transactions on Graphics (TOG)},
  volume={37},
  number={4},
  pages={1--14},
  year={2018},
  publisher={ACM New York, NY, USA}
}

@article{feng2022impulse,
  title={Impulse fluid simulation},
  author={Feng, Fan and Liu, Jinyuan and Xiong, Shiying and Yang, Shuqi and Zhang, Yaorui and Zhu, Bo},
  journal={IEEE Transactions on Visualization and Computer Graphics},
  volume={29},
  number={6},
  pages={3081--3092},
  year={2022},
  publisher={IEEE}
}